@misc{RefWorks:RefID:26-demogpt-j,
	author={GPT-3 Demo},
	title={GPT-J | GPT-3 Demo},
	volume={2022},
	number={Mar 1,},
	abstract={GPT-3 Democratized. A 6B parameter open-source version of GPT-3 GPT-J is the open-source alternative to OpenAI's GPT-3. The model is trained on [the Pil...},
	url={https://gpt3demo.com/apps/gpt-j-6b}
}
@misc{RefWorks:RefID:25-openai.,
	title={OpenAI. Precios de los modelos de GPT-3},
	volume={2022},
	number={Mar 1,},
	url={https://beta.openai.com/docs/guides/fine-tuning/pricing}
}
@misc{RefWorks:RefID:24-2015openai,
	year={2015},
	month={-12-11T08:00:00.000Z},
	title={About OpenAI},
	volume={2022},
	number={Mar 1,},
	abstract={OpenAI is a research laboratory based in San Francisco, California. Our mission is to ensure that artificial general intelligence benefits all of humanity.},
	url={https://openai.com/about/}
}
@misc{RefWorks:RefID:23-openai.,
	title={OpenAI. Example applications},
	volume={2022},
	number={Mar 1,},
	url={https://beta.openai.com/examples/}
}
@misc{RefWorks:RefID:22-modelos,
	title={Modelos de GPT-3},
	volume={2022},
	number={Mar 1,},
	url={https://beta.openai.com/docs/engines/gpt-3}
}
@misc{RefWorks:RefID:21-openai.,
	title={OpenAI. Pricing},
	volume={2022},
	number={Mar 1,},
	abstract={OpenAI is an AI research and deployment company. Our mission is to ensure that artificial general intelligence benefits all of humanity.},
	url={https://openai.com/api/pricing/}
}
@misc{RefWorks:RefID:20-2020rasa,
	year={2020},
	month={-12-01T14:05:43Z},
	title={Rasa Open source conversational AI},
	volume={2022},
	number={Mar 1,},
	abstract={Build contextual AI assistants and chatbots in text and voice with our open source machine learning framework. Scale it with our enterprise grade platform.},
	url={https://rasa.com/}
}
@misc{RefWorks:RefID:19-2021productos,
	year={2021},
	month={-09-29},
	title={Productos IBM Watson},
	volume={2022},
	number={Mar 1,},
	abstract={Integre inteligencia artificial con productos Watson AI para realizar previsiones más precisas},
	url={https://www.ibm.com/es-es/watson/products-services}
}
@misc{RefWorks:RefID:18-2020watson,
	year={2020},
	month={-12-10},
	title={Watson Assistant improves intent detection accuracy, leads against AI vendors cited in published study},
	volume={2022},
	number={Mar 1,},
	abstract={Watson Assistant has a new and improved intent detection algorithm, which is more accurate versus commercial and open-source solutions.},
	url={https://www.ibm.com/blogs/watson/2020/12/watson-assistant-improves-intent-detection-accuracy-leads-against-ai-vendors-cited-in-published-study/}
}
@misc{RefWorks:RefID:17-ibm,
	title={IBM Watson Assistant - Agente virtual},
	volume={2022},
	number={Mar 1,},
	abstract={IBM Watson Assistant proporciona a los clientes respuestas rápidas, coherentes y precisas en cualquier aplicación, dispositivo o canal.},
	url={https://www.ibm.com/es-es/products/watson-assistant}
}
@misc{RefWorks:RefID:16-best2013ibm,
	author={Jo Best},
	year={2013},
	month={September 9,},
	title={IBM Watson: The inside story of how the Jeopardy-winning supercomputer was born, and what it wants to do next},
	volume={2022},
	number={Mar 1,},
	abstract={IBM Watson wowed the tech industry and a corner of U.S. pop culture with its 2011 win against two of Jeopardy's greatest champions. Here's how IBM pulled it off and a look at what Watson's real career is going to be.},
	url={https://www.techrepublic.com/article/ibm-watson-the-inside-story-of-how-the-jeopardy-winning-supercomputer-was-born-and-what-it-wants-to-do-next/}
}
@misc{RefWorks:RefID:15-2021ibm,
	year={2021},
	month={-09-29},
	title={IBM Watson},
	volume={2022},
	number={Mar 1,},
	abstract={Watson es IA para empresas.},
	url={https://www.ibm.com/es-es/watson}
}
@misc{RefWorks:RefID:14-pandorabots:,
	title={Pandorabots: Home},
	volume={2022},
	number={Mar 1,},
	url={https://developer.pandorabots.com/home.html}
}
@misc{RefWorks:RefID:13-aiml,
	title={AIML Foundation},
	volume={2022},
	number={Mar 1,},
	url={http://www.aiml.foundation/}
}
@techreport{RefWorks:RefID:8-iles2020el,
	author={Veronica Iles},
	year={2020},
	month={Mar 1,},
	title={El Total Economic
Impact™ de IBM
Watson Assistant}
}

@misc{RefWorks:RefID:10-domino's-case-study,
	title = 	 {Domino's-case-study},
	abstract = 	 {Founded in 1960, Domino&#39;s now operates 14,000&#43; pizza restaurants in 85&#43; countries. Their drivers cover 10&#43; million miles to deliver 10.5&#43; million pizzas each week in the United States alone. For years, customers have been able to order pizzas via &#34;Dom,&#34; a simple ordering bot available online and through the company&#39;s mobile apps. &#34;We&#39;re one of the first in this space to launch our own artificially intelligent voice-ordering assistant through our own native apps,&#34; says Mandi Galluch, Domino&#39;s program leader for digital experience. Determined always to innovate and keep pace with ever-changing consumer behavior, the company turned to building rich conversational experiences powered by natural language understanding (NLU) and machine learning.}
}