@misc{primera,
	title={Metodología Ágil vs. Metodología Tradicional},
	volume={2022},
	number={Feb 10,},
	url={https://pmi-mad.org/socios/articulos-direccion-proyectos/1288-metodologia-agil-vs-metodologia-tradicional}
}
