@article{RefWorks:RefID:35-berners-lee1994world-wide,
	author={Tim Berners-Lee and Robert Cailliau and Ari Luotonen and Henrik Frystyk Nielsen and Arthur Secret},
	year={1994},
	title={The World-Wide Web},
	journal={Communication of the ACM},
	volume={37},
	number={8},
	url={https://dl.acm.org/doi/pdf/10.1145/179606.179671}
}
@article{RefWorks:RefID:34-2011responsive,
	author={S. Gardner Brett},
	year={2011},
	title={Responsive web design: Enriching the user experience},
	journal={Sigma. Inside the digital ecosystem},
	volume={11},
	number={1},
	pages={13-19},
	url={https://www.webdesignblog.gr/wp-content/uploads/2012/03/5.pdf}
}
@misc{RefWorks:RefID:33-2021-API,
	year={2021},
	month={-04-06},
	title={¿Qué es una API REST?},
	volume={2022},
	number={May 26,},
	abstract={Con esta guía, aprenderá cómo las API REST, un estilo de arquitectura para gestionar aplicaciones en red, pueden facilitar los procesos de desarrollo de software.},
	url={https://www.ibm.com/mx-es/cloud/learn/rest-apis}
}
