@article{RefWorks:RefID:11-cevallos2018metodologias,
	author={Harry Vite Cevallos and Jefferson Dávila Cuesta},
	year={2018},
	month={-06},
	title={Metodologías ágiles frente a las tradicionales en el proceso de desarrollo de software},
	journal={Espirales Revista Multidisciplinaria de Investigación},
	pages={115-120},
	abstract={El proceso de desarrollo de software a través de los años se ha venido implementando una serie de
metodologías que facilitan a programación. La presente investigación realiza una revisión de
publicaciones sobre las metodologías llamadas ágiles, sus principios y fundamentos, estableciendo
definiciones y explicaciones detalladas de las más relevantes en la actualidad (Scrum y XP),
convirtiéndose en la más acertada para el desarrollo de los procesos de ingeniería de software.},
	doi={10.31876/re.v2i17.269}
}
